% Encoding: UTF-8

@ONLINE{cpp-sort,
 author = {Morwenn},
 title = {cpp-sort library},
 url = {https://github.com/Morwenn/cpp-sort},
 urldate = {2016-02-06}
}

@ONLINE{CppCoreGuidelines,
 author = {Stroustrup, Bjarne and Sutter, Herb},
 title = {C++ Core Guidelines},
 url = {https://github.com/isocpp/CppCoreGuidelines/blob/master/CppCoreGuidelines.md},
 urldate = {2015-09-22}
}

@BOOK{EOP,
 author = {Stepanov, Alexander and McJones, Paul},
 title = {Elements of Programming},
 year = {2009},
 isbn = {032163537X, 9780321635372},
 edition = {1st},
 publisher = {Addison-Wesley Professional},
}

@MISC{introsort,
 author = {Wikipedia},
 title = {Introsort --- Wikipedia{,} The Free Encyclopedia},
 year = {2015},
 url = {https://en.wikipedia.org/w/index.php?title=Introsort&oldid=680161322},
 urldate = {2015-09-24}
}

@ONLINE{N3351,
 author = {Stroustrup, Bjarne and Sutton, Andrew},
 title = {A Concept Design for the STL},
 url = {http://www.open-std.org/jtc1/sc22/wg21/docs/papers/2012/n3351.pdf},
 urldate = {2015-10-02}
}

@ONLINE{N4507,
 author = {Hoberock, Jared},
 title = {Programming Languages â€” Technical Specification for C++ Extensions for Parallelism},
 url = {http://www.open-std.org/jtc1/sc22/wg21/docs/papers/2015/n4507.pdf},
 urldate = {2015-09-22}
}

@ONLINE{N4560,
 author = {Niebler, Eric},
 title = {Working Draft, C++ extensions for Range},
 url = {http://www.open-std.org/jtc1/sc22/wg21/docs/papers/2015/n4560.pdf},
 urldate = {2016-02-05}
}

@ONLINE{pdqsort,
 author = {Peters, Orson},
 title = {Pattern-defeating quicksort},
 url = {https://github.com/orlp/pdqsort},
 urldate = {2015-09-24}
}
